@String(PAMI = {IEEE Trans. Pattern Anal. Mach. Intell.})
@String(IJCV = {Int. J. Comput. Vis.})
@String(CVPR= {IEEE Conf. Comput. Vis. Pattern Recog.})
@String(ICCV= {Int. Conf. Comput. Vis.})
@String(ECCV= {Eur. Conf. Comput. Vis.})
@String(NIPS= {Adv. Neural Inform. Process. Syst.})
@String(ICPR = {Int. Conf. Pattern Recog.})
@String(BMVC= {Brit. Mach. Vis. Conf.})
@String(TOG= {ACM Trans. Graph.})
@String(TIP  = {IEEE Trans. Image Process.})
@String(TVCG  = {IEEE Trans. Vis. Comput. Graph.})
@String(TMM  = {IEEE Trans. Multimedia})
@String(ACMMM= {ACM Int. Conf. Multimedia})
@String(ICME = {Int. Conf. Multimedia and Expo})
@String(ICASSP=	{ICASSP})
@String(ICIP = {IEEE Int. Conf. Image Process.})
@String(ACCV  = {ACCV})
@String(ICLR = {Int. Conf. Learn. Represent.})
@String(IJCAI = {IJCAI})
@String(PR   = {Pattern Recognition})
@String(AAAI = {AAAI})
@String(CVPRW= {IEEE Conf. Comput. Vis. Pattern Recog. Worksh.})
@String(CSVT = {IEEE Trans. Circuit Syst. Video Technol.})

@String(SPL	= {IEEE Sign. Process. Letters})
@String(VR   = {Vis. Res.})
@String(JOV	 = {J. Vis.})
@String(TVC  = {The Vis. Comput.})
@String(JCST  = {J. Comput. Sci. Tech.})
@String(CGF  = {Comput. Graph. Forum})
@String(CVM = {Computational Visual Media})


@String(PAMI  = {IEEE TPAMI})
@String(IJCV  = {IJCV})
@String(CVPR  = {CVPR})
@String(ICCV  = {ICCV})
@String(ECCV  = {ECCV})
@String(NIPS  = {NeurIPS})
@String(ICPR  = {ICPR})
@String(BMVC  =	{BMVC})
@String(TOG   = {ACM TOG})
@String(TIP   = {IEEE TIP})
@String(TVCG  = {IEEE TVCG})
@String(TCSVT = {IEEE TCSVT})
@String(TMM   =	{IEEE TMM})
@String(ACMMM = {ACM MM})
@String(ICME  =	{ICME})
@String(ICASSP=	{ICASSP})
@String(ICIP  = {ICIP})
@String(ACCV  = {ACCV})
@String(ICLR  = {ICLR})
@String(IJCAI = {IJCAI})
@String(PR = {PR})
@String(AAAI = {AAAI})
@String(CVPRW= {CVPRW})
@String(CSVT = {IEEE TCSVT})


@book{TimeSeriesPredictiveControlRobotics2024,
  title={Time Series Predictive Control in Robotics},
  author={Hui LIU},
  year={2024},
  publisher={OAPEN Library},
  url={https://library.oapen.org/handle/20.500.12657/90623},
  note={Accessed: 2025-04-27}
}

@article{Wang2025LevelGround,
  title={Level-Ground and Stair Adaptation for Hip Exoskeletons Based on Continuous Locomotion Mode Perception},
  author={Zhaoyang Wang and Dongfang Xu and Shunyi Zhao},
  journal={Cyborg and Bionic Systems},
  year={2025},
  volume={2025},
  number={6},
  pages={Article 0248},
  doi={10.34133/cbsystems.0248},
  publisher={Beijing Institute of Technology Press},
  url={https://doi.org/10.34133/cbsystems.0248},
  note={Published 22 April 2025}
}


@article{liu2025bidirectional,
  title={Bidirectional Decoding: Improving Action Chunking via Closed-Loop Resampling},
  author={Liu, Yuejiang and Hamid, Jubayer Ibn and Xie, Annie and Lee, Yoonho and Du, Max and Finn, Chelsea},
  year={2025},
  journal={International Conference on Learning Representations (ICLR)},
  url={https://arxiv.org/abs/2408.17355}
}

@misc{xia2025phoenixmotionbasedselfreflectionframework,
      title={Phoenix: A Motion-based Self-Reflection Framework for Fine-grained Robotic Action Correction}, 
      author={Wenke Xia and Ruoxuan Feng and Dong Wang and Di Hu},
      year={2025},
      eprint={2504.14588},
      archivePrefix={arXiv},
      primaryClass={cs.RO},
      url={https://arxiv.org/abs/2504.14588}, 
}

@misc{zheng2025universalactionsenhancedembodied,
      title={Universal Actions for Enhanced Embodied Foundation Models}, 
      author={Jinliang Zheng and Jianxiong Li and Dongxiu Liu and Yinan Zheng and Zhihao Wang},
      year={2025},
      eprint={2501.10105},
      archivePrefix={arXiv},
      primaryClass={cs.RO},
      url={https://arxiv.org/abs/2501.10105}, 
}

@misc{fourier2025actionnet,
  author = {Yuxiang Gao, Fourier},
  title = {teleoperation},
  year = {2024},
  publisher = {GitHub},
  journal = {GitHub repository},
  howpublished = {\url{https://github.com/FFTAI/teleoperation}}
}

@misc{brooks2023instructpix2pixlearningfollowimage,
      title={InstructPix2Pix: Learning to Follow Image Editing Instructions}, 
      author={Tim Brooks and Aleksander Holynski and Alexei A. Efros},
      year={2023},
      eprint={2211.09800},
      archivePrefix={arXiv},
      primaryClass={cs.CV},
      url={https://arxiv.org/abs/2211.09800}, 
}

@misc{mu2025robotwindualarmrobotbenchmark,
      title={RoboTwin: Dual-Arm Robot Benchmark Generative Digital Twins}, 
      author={Yao Mu and Tianxing Chen and Zanxin Chen and Shijia Peng and Zhiqian Lan Mingkun Xu and Lunkai Lin and Zhiqiang Xie and Mingyu Ding and Ping Luo},
      year={2025},
      eprint={2504.13059},
      archivePrefix={arXiv},
      primaryClass={cs.RO},
      url={https://arxiv.org/abs/2504.13059}, 
}